@article{eastman2010openmm,
  title={OpenMM: A hardware-independent framework for molecular simulations},
  author={Eastman, Peter and Pande, Vijay},
  journal={Computing in science \& engineering},
  volume={12},
  number={4},
  pages={34--39},
  year={2010},
  publisher={IEEE}
}

@article{plimpton1995fast,
  title={Fast parallel algorithms for short-range molecular dynamics},
  author={Plimpton, Steve},
  journal={Journal of computational physics},
  volume={117},
  number={1},
  pages={1--19},
  year={1995},
  publisher={Elsevier}
}

@article{fox1989solving,
  title={Solving problems on concurrent processors vol. 1: General techniques and regular problems},
  author={Fox, GC and Johnson, M and Lyzenga, G and Otto, S and Salmon, J and Walker, D and White, Richard L},
  journal={Computers in Physics},
  volume={3},
  number={1},
  pages={83--84},
  year={1989},
  publisher={American Institute of Physics}
}